@book{gathmann.comm.alg,
    author = {Gathmann, Andreas},
    title = {Commutative Algebra},
    year = {2014}
}
