@book{Humphreys.CoxeterGroups,
    author = {James Humphreys},
    title = {Reflection Groups and Coxeter Groups},
    date = {2012},
    publisher = {Cambridge University Press}
}
